@online{FIDE,
title   = {Laws Of Ches},
author  = {FIDE},
url     = {https://www.fide.com/FIDE/handbook/LawsOfChess.pdf},
year    = {2008},
urldate = {Online; accessed 21 April 2021}
}

@online{Soviet calendar,
  author          = {Unknown},
  title           = {Soviet calendar - Wikipedia},
  url             = {https://en.wikipedia.org/wiki/Soviet_calendar},
  urldate         = {Online; accessed 21 April 2021},
  year            = 2021,
}
