@online{FIDE,
  title           = {Laws Of Chess},
  author          = {FIDE},
  url             = {https://www.fide.com/FIDE/handbook/LawsOfChess.pdf},
  year            = 2008,
  urldate         = {Online; accessed 21 April 2021}
}
@online{SovietCalendar,
  author          = {Unknown},
  title           = {Soviet calendar - Wikipedia},
  url             = {https://en.wikipedia.org/wiki/Soviet_calendar},
  urldate         = {Online; accessed 21 April 2021},
  year            = 2021,
}
@online{NormalDist,
  title           = {Percentile - Wikipedia},
  author          = {M. W. Toews},
  url             = {https://en.wikipedia.org/wiki/Percentile#/media/File:Standard_deviation_diagram.svg},
  year            = 2005,
  urldate         = {Online; accessed 26 April 2021}
}
